<?xml version="1.0" encoding="UTF-8"?>
<record><leader>^^^^^cam^a22003134i^4500</leader><controlfield tag="001">007320849</controlfield><controlfield tag="003">FI-MELINDA</controlfield><controlfield tag="005">20150722090844.0</controlfield><controlfield tag="006">m^^^^^o^^d^^^^^^^^</controlfield><controlfield tag="007">cr^nu||||uuuuu</controlfield><controlfield tag="008">150722s2015^^^^fi^||||^o^^^^o00|^0|fin|c</controlfield><datafield tag="020" ind1=" " ind2=" "><subfield code="a">978-952-259-469-3</subfield><subfield code="q">PDF</subfield></datafield><datafield tag="035" ind1=" " ind2=" "><subfield code="a">(FI-MELINDA)007320849</subfield></datafield><datafield tag="041" ind1="0" ind2=" "><subfield code="a">fin</subfield><subfield code="b">fin</subfield><subfield code="b">swe</subfield></datafield><datafield tag="100" ind1="1" ind2=" "><subfield code="a">Natunen, Satu-Maaria,</subfield><subfield code="e">kirjoittaja.</subfield></datafield><datafield tag="245" ind1="1" ind2="0"><subfield code="a">Tuomioistuinmaksulaki :</subfield><subfield code="b">lausuntotiivistelmä /</subfield><subfield code="c">[Satu-Maaria Natunen].</subfield></datafield><datafield tag="260" ind1=" " ind2=" "><subfield code="a">Helsinki :</subfield><subfield code="b">Oikeusministeriö,</subfield><subfield code="c">2015.</subfield></datafield><datafield tag="300" ind1=" " ind2=" "><subfield code="a">1 verkkoaineisto (307 kt, 76 s.).</subfield></datafield><datafield tag="336" ind1=" " ind2=" "><subfield code="a">teksti</subfield><subfield code="b">txt</subfield><subfield code="2">rdacontent</subfield></datafield><datafield tag="337" ind1=" " ind2=" "><subfield code="a">tietokonekäyttöinen</subfield><subfield code="b">c</subfield><subfield code="2">rdamedia</subfield></datafield><datafield tag="338" ind1=" " ind2=" "><subfield code="a">verkkoaineisto</subfield><subfield code="b">cr</subfield><subfield code="2">rdacarrier</subfield></datafield><datafield tag="490" ind1="1" ind2=" "><subfield code="a">Mietintöjä ja lausuntoja / Oikeusministeriö</subfield><subfield code="x">1798-7105 ;</subfield><subfield code="v">40/2015</subfield></datafield><datafield tag="520" ind1=" " ind2=" "><subfield code="a">Lag om domstolsavgifter : sammandrag av utlåtandena.</subfield></datafield><datafield tag="538" ind1=" " ind2=" "><subfield code="a">Saantitapa: Internet-yhteys, WWW-selain, Adobe Reader.</subfield></datafield><datafield tag="579" ind1=" " ind2=" "><subfield code="a">XLUETTELOITU</subfield><subfield code="b">selma</subfield></datafield><datafield tag="588" ind1=" " ind2=" "><subfield code="a">Kuvailun perusta: nimeke PDF-nimiönäytöltä.</subfield></datafield><datafield tag="830" ind1=" " ind2="0"><subfield code="a">Mietintöjä ja lausuntoja / Oikeusministeriö</subfield><subfield code="x">1798-7105 ;</subfield><subfield code="v">40/2015.</subfield></datafield><datafield tag="856" ind1="4" ind2="0"><subfield code="u">http://urn.fi/URN:ISBN:978-952-259-469-3</subfield><subfield code="y">Linkki verkkoaineistoon</subfield></datafield><datafield tag="CAT" ind1=" " ind2=" "><subfield code="a">E4009</subfield><subfield code="b">30</subfield><subfield code="c">20150722</subfield><subfield code="l">FIN01</subfield><subfield code="h">0908</subfield></datafield><datafield tag="CAT" ind1=" " ind2=" "><subfield code="a">CONV-RDA</subfield><subfield code="b"></subfield><subfield code="c">20160319</subfield><subfield code="l">FIN01</subfield><subfield code="h">0830</subfield></datafield><datafield tag="LOW" ind1=" " ind2=" "><subfield code="a">SELMA</subfield></datafield></record>
